@book{Floridi,
	location = {New York},
	title = {Information - A Very Short Introduction},
	publisher = {Oxford University Press Inc.},
	author = {Floridi, Luciano},
	date = {2010}
}



@article{Kleinrock,
	title = {An Early History of the Internet},
	volume = {48},
	url = {https://ieeexplore.ieee.org/document/5534584},
	pages = {26-36},
	number = {8},
	journaltitle = {History of Communications},
	author = {Kleinrock, Leonard},
	urldate = {2022-04-08},
	date = {2010}
}


@online{Berners-Lee,
	title = {Information Management: A Proposal},
	url = {https://www.w3.org/History/1989/proposal.html},
	titleaddon = {{CERN}},
	author = {Berners-Lee, Tim},
	urldate = {2022-04-08},
	date = {1990}
}


@book{Kollmann,
	location = {Wiesbaden},
	title = {Handbuch Digitale Wirtschaft},
	publisher = {Springer Gabler},
	author = {Kollmann, Tobias},
	date = {2020}
}


@online{Oreilly,
	title = {What Is Web 2.0},
	url = {https://www.oreilly.com/pub/a/web2/archive/what-is-web-20.html},
	titleaddon = {O'Reilly},
	author = {O'Reilly, Tim},
	urldate = {2022-04-09},
	date = {2005},
	file = {O'Reilly - 2005 - What Is Web 2.0.pdf:/Users/fabi/Zotero/storage/PYIWYZI9/O'Reilly - 2005 - What Is Web 2.0.pdf:application/pdf}
}


@article{Kollmann_Lomberg,
	title = {Web 1.0, Web 2.0 and Web 3.0: The Development of E-Business},
	volume = {1},
	url = {https://www.igi-global.com/book/encyclopedia-business-development-management-global/37278},
	pages = {1203--1210},
	journaltitle = {Encyclopedia of E-Business Development and Management in the Global Economy},
	author = {Kollmann, Tobias and Lomberg, Carina},
	urldate = {2022-04-09},
	date = {2010},
	file = {Kollmann und Lomberg - 2010 - Web 1.0, Web 2.0 and Web 3.0 The Development of E.pdf:/Users/fabi/Zotero/storage/BP4FTKCC/Kollmann und Lomberg - 2010 - Web 1.0, Web 2.0 and Web 3.0 The Development of E.pdf:application/pdf}
}


@online{stackoverflow_2015,
	title = {2015 Developer Survey},
	url = {https://insights.stackoverflow.com/survey/2015#work-occupation},
	titleaddon = {stackoverflow},
	urldate = {2022-04-12},
	file = {[2015] Occupation 2013.pdf:/Users/fabi/Zotero/storage/AVFEHFHZ/[2015] Occupation 2013.pdf:application/pdf;[2015] Occupation 2014.pdf:/Users/fabi/Zotero/storage/EBKC6KXV/[2015] Occupation 2014.pdf:application/pdf;[2015] Occupation 2015.pdf:/Users/fabi/Zotero/storage/TDIBT948/[2015] Occupation 2015.pdf:application/pdf}
}

@online{stackoverflow_2021,
	title = {2021 Developer Survey},
	url = {https://insights.stackoverflow.com/survey/2021#section-developer-roles-developer-type},
	titleaddon = {stackoverflow},
	urldate = {2022-04-12},
	file = {2021 Developer Survey.pdf:/Users/fabi/Zotero/storage/JWZWBLYN/2021 Developer Survey.pdf:application/pdf}
}

@online{stackoverflow_2016,
	title = {Developer Survey Results 2016},
	url = {https://insights.stackoverflow.com/survey/2016#developer-profile-developer-occupations},
	titleaddon = {stackoverflow},
	urldate = {2022-04-12},
	file = {2016 Developer Survey.pdf:/Users/fabi/Zotero/storage/R9CPIB5H/2016 Developer Survey.pdf:application/pdf}
}

@online{stackoverflow_2017,
	title = {Developer Survey Results 2017},
	url = {https://insights.stackoverflow.com/survey/2017#developer-profile-_-developer-type},
	titleaddon = {stackoverflow},
	urldate = {2022-04-12},
	file = {2017 Developer Survey.pdf:/Users/fabi/Zotero/storage/ZDCS39T8/2017 Developer Survey.pdf:application/pdf}
}

@online{stackoverflow_2018,
	title = {Developer Survey Results 2018},
	url = {https://insights.stackoverflow.com/survey/2018#developer-profile-_-developer-type},
	titleaddon = {stackoverflow},
	urldate = {2022-04-12},
	file = {2018 Developer Survey.pdf:/Users/fabi/Zotero/storage/9GRGXJEC/2018 Developer Survey.pdf:application/pdf}
}

@online{stackoverflow_2019,
	title = {Developer Survey Results 2019},
	url = {https://insights.stackoverflow.com/survey/2019#developer-profile-_-developer-type},
	titleaddon = {stackoverflow},
	urldate = {2022-04-12},
	file = {2019 Developer Survey.pdf:/Users/fabi/Zotero/storage/QLCPPSPS/2019 Developer Survey.pdf:application/pdf}
}

@online{stackoverflow_2020,
	title = {2020 Developer Survey},
	url = {https://insights.stackoverflow.com/survey/2020#developer-roles},
	titleaddon = {stackoverflow},
	urldate = {2022-04-12},
	file = {2020 Developer Survey.pdf:/Users/fabi/Zotero/storage/VFGVBZWN/2020 Developer Survey.pdf:application/pdf}
}